@article{Yang1999,
  author    = {杨瑞林 and 李力军 and 李玉成},
  title     = {新型低合金高强韧性耐磨钢的研究},
  journal = {钢铁},
  year      = {1999},
  number  = {7},
  pages     = {41--45}
}

@article{Yu2012,
  author  = {于潇 and 刘义 and 柴跃廷 and others},
  title   = {互联网药品可信交易环境中主体资质审核备案模式},
  journal = {清华大学学报(自然科学版)},
  year    = {2012},
  volume  = {52},
  number  = {11},
  pages   = {1518--1523}
}

@article{Schinstock2000,
  author  = {Schinstock, D. E. and Cuttino, J. F.},
  title   = {Real time kinematic solutions of a non-contacting, three dimensional metrology frame},
  journal = {Precision Engineering},
  year    = {2000},
  volume  = {24},
  number  = {1},
  pages   = {70--76}
}

@book{Wen1990,
  author    = {温诗铸},
  title     = {摩擦学原理},
  publisher = {清华大学出版社},
  address   = {北京},
  year      = {1990},
  pages     = {296--300}
}


@book{Jiang1998,
  author    = {蒋有绪 and 郭泉水 and 马娟 and others},
  title     = {中国森林群落分类及其群落学特征},
  publisher = {科学出版社},
  address   = {北京},
  year      = {1998},
  pages     = {5--17}
}

@phdthesis{Fang2007,
  author      = {方芳},
  title       = {教育游戏的理论基础及应用模式},
  institution = {上海交通大学},
  address     = {上海},
  year        = {2007},
}

@patent{Zhang2012,
  author = {张凯军},
  title  = {轨道火车及高速轨道火车紧急安全制动辅助装置},
  number = {201220158825.2},
  date   = {2012-04-05}
}

@standard{GBT3792,
  author    = {全国信息与文献标准化技术委员会},
  title     = {文献著录: 第4部分 非书资料: GB/T 3792.4-2009},
  publisher = {中国标准出版社},
  address   = {北京},
  year      = {2010:3}
}

@online{Xiao2001,
  author  = {萧钰},
  title   = {出版业信息化迈人快车道},
  date    = {2001-12-19},
  url     = {http://www.creader.com/news/20011219/200112190019.html},
  urldate = {2023-04-15}
}

